@article{MetaCookie,
  title={メタクッキー: 感覚間相互作用を用いた味覚ディスプレイの検討 (\textless 特集 \textgreater 香り・人・システム)},
  author={鳴海拓志 and 谷川智洋 and 梶波崇 and 廣瀬通孝},
  journal={日本バーチャルリアリティ学会論文誌},
  volume={15},
  number={4},
  pages={579--588},
  year={2010},
  publisher={日本バーチャルリアリティ学会}
}